<marc:collection xmlns:marc="http://www.loc.gov/MARC21/slim" xmlns:xsi="http://www.w3.org/2001/XMLSchema-instance" xsi:schemaLocation="http://www.loc.gov/MARC21/slim http://www.loc.gov/standards/marcxml/schema/MARC21slim.xsd">
    <marc:record type="Bibliographic">
        <marc:leader>02087cem a2200421Ia 4500</marc:leader>
        <marc:controlfield tag="001">5992073</marc:controlfield>
        <marc:controlfield tag="005">20091201151215.0</marc:controlfield>
        <marc:controlfield tag="007">aj aafzn</marc:controlfield>
        <marc:controlfield tag="008">821201r19651765nyu       a     1   fre d</marc:controlfield>
        <marc:datafield tag="035" ind1=" " ind2=" ">
            <marc:subfield code="a">(OCoLC)ocm09007414</marc:subfield>
        </marc:datafield>
        <marc:datafield tag="040" ind1=" " ind2=" ">
            <marc:subfield code="a">QWC</marc:subfield>
            <marc:subfield code="c">QWC</marc:subfield>
            <marc:subfield code="d">OCL</marc:subfield>
            <marc:subfield code="d">UX0</marc:subfield>
            <marc:subfield code="d">DRB</marc:subfield>
            <marc:subfield code="d">OCLCG</marc:subfield>
            <marc:subfield code="d">QE2</marc:subfield>
            <marc:subfield code="d">NjP</marc:subfield>
        </marc:datafield>
        <marc:datafield tag="019" ind1=" " ind2=" ">
            <marc:subfield code="a">23394844</marc:subfield>
        </marc:datafield>
        <marc:datafield tag="034" ind1="1" ind2=" ">
            <marc:subfield code="a">a</marc:subfield>
            <marc:subfield code="b">10700</marc:subfield>
            <marc:subfield code="d">E0022000</marc:subfield>
            <marc:subfield code="e">E0022000</marc:subfield>
            <marc:subfield code="f">N0485200</marc:subfield>
            <marc:subfield code="g">N0485200</marc:subfield>
        </marc:datafield>
        <marc:datafield tag="035" ind1=" " ind2=" ">
            <marc:subfield code="a">(OCoLC)9007414</marc:subfield>
            <marc:subfield code="z">(OCoLC)23394844</marc:subfield>
        </marc:datafield>
        <marc:datafield tag="043" ind1=" " ind2=" ">
            <marc:subfield code="a">e-fr---</marc:subfield>
        </marc:datafield>
        <marc:datafield tag="050" ind1=" " ind2="4">
            <marc:subfield code="a">G5834.P3 1765</marc:subfield>
            <marc:subfield code="b">.P3 1965</marc:subfield>
        </marc:datafield>
        <marc:datafield tag="052" ind1=" " ind2=" ">
            <marc:subfield code="a">5834</marc:subfield>
            <marc:subfield code="b">P3</marc:subfield>
        </marc:datafield>
        <marc:datafield tag="082" ind1="0" ind2="4">
            <marc:subfield code="a">912.44361</marc:subfield>
            <marc:subfield code="2">20</marc:subfield>
        </marc:datafield>
        <marc:datafield tag="100" ind1="1" ind2=" ">
            <marc:subfield code="a">Patte, Pierre,</marc:subfield>
            <marc:subfield code="d">1723-1814.</marc:subfield>
        </marc:datafield>
        <marc:datafield tag="245" ind1="1" ind2="0">
            <marc:subfield code="a">Partie du plan général de Paris :</marc:subfield>
            <marc:subfield code="b">ou l'on a tracé les differents emplacemens qui ont été choisis pour placer la statue equestre du roi</marc:subfield>
            <marc:subfield code="h">[map] /</marc:subfield>
            <marc:subfield code="c">dessiné par Patte.</marc:subfield>
        </marc:datafield>
        <marc:datafield tag="255" ind1=" " ind2=" ">
            <marc:subfield code="a">Scale [ca. 1:10,700]. "300 toises" = 2 1/4 in.</marc:subfield>
            <marc:subfield code="c">(E 2⁰20ʹ/N 48⁰52ʹ).</marc:subfield>
        </marc:datafield>
        <marc:datafield tag="260" ind1=" " ind2=" ">
            <marc:subfield code="a">Ithaca, N.Y. :</marc:subfield>
            <marc:subfield code="b">Historic Urban Plans,</marc:subfield>
            <marc:subfield code="c">1965.</marc:subfield>
        </marc:datafield>
        <marc:datafield tag="300" ind1=" " ind2=" ">
            <marc:subfield code="a">1 map ;</marc:subfield>
            <marc:subfield code="c">32 x 38 cm.</marc:subfield>
        </marc:datafield>
        <marc:datafield tag="500" ind1=" " ind2=" ">
            <marc:subfield code="a">Facsim. of: [S.l. : s.n, 1765?].</marc:subfield>
        </marc:datafield>
        <marc:datafield tag="500" ind1=" " ind2=" ">
            <marc:subfield code="a">From Pierre Patte's Monumens erigés en France á la gloire de Louis XV.</marc:subfield>
        </marc:datafield>
        <marc:datafield tag="500" ind1=" " ind2=" ">
            <marc:subfield code="a">"Edition limited to 500 copies."</marc:subfield>
        </marc:datafield>
        <marc:datafield tag="500" ind1=" " ind2=" ">
            <marc:subfield code="a">Includes index to the plans for city.</marc:subfield>
        </marc:datafield>
        <marc:datafield tag="500" ind1=" " ind2=" ">
            <marc:subfield code="a">4 Inset maps: Projet d'embelissemens pour le quartier de la cité et de ses environs -- Projet pour de Carefour de Bussi -- Projet pour le Quai Malaquet -- Projet vis a vis la Colonade du Louvre.</marc:subfield>
        </marc:datafield>
        <marc:datafield tag="505" ind1="0" ind2=" ">
            <marc:subfield code="a">Insets: Projet d'embelissemens pour le quartier de la cité et de ses environs -- Projet pour de Carefour de Bussi -- Projet pour le Quai Malaquet -- Projet vis a vis la Colonade du Louvre.</marc:subfield>
        </marc:datafield>
        <marc:datafield tag="500" ind1=" " ind2=" ">
            <marc:subfield code="a">Historic Maps copy is no. 69.</marc:subfield>
            <marc:subfield code="5">NjP</marc:subfield>
        </marc:datafield>
        <marc:datafield tag="651" ind1=" " ind2="0">
            <marc:subfield code="a">Paris (France)</marc:subfield>
            <marc:subfield code="v">Maps</marc:subfield>
            <marc:subfield code="v">Early works to 1800.</marc:subfield>
        </marc:datafield>
        <marc:datafield tag="650" ind1=" " ind2="0">
            <marc:subfield code="a">Early maps</marc:subfield>
            <marc:subfield code="v">Facsimiles.</marc:subfield>
        </marc:datafield>
        <marc:datafield tag="655" ind1=" " ind2="7">
            <marc:subfield code="a">Historical maps</marc:subfield>
            <marc:subfield code="z">France</marc:subfield>
            <marc:subfield code="z">Paris.</marc:subfield>
            <marc:subfield code="2">aat</marc:subfield>
        </marc:datafield>
        <marc:datafield tag="700" ind1="1" ind2=" ">
            <marc:subfield code="a">Patte, Pierre,</marc:subfield>
            <marc:subfield code="d">1723-1814.</marc:subfield>
            <marc:subfield code="t">Monumens érigés en France à la gloire de Louis XV.</marc:subfield>
        </marc:datafield>
        <marc:datafield tag="710" ind1="2" ind2=" ">
            <marc:subfield code="a">Historic Urban Plans (Firm)</marc:subfield>
        </marc:datafield>
        <marc:datafield tag="856" ind1="4" ind2="1">
            <marc:subfield code="z">See the map</marc:subfield>
            <marc:subfield code="u">http://gisserver.princeton.edu/map/24034</marc:subfield>
        </marc:datafield>
        <marc:datafield tag="904" ind1=" " ind2=" ">
            <marc:subfield code="a">gls</marc:subfield>
            <marc:subfield code="b">g</marc:subfield>
            <marc:subfield code="h">m</marc:subfield>
            <marc:subfield code="c">p</marc:subfield>
            <marc:subfield code="e">20091119</marc:subfield>
        </marc:datafield>
        <marc:datafield tag="902" ind1=" " ind2=" ">
            <marc:subfield code="a">gls</marc:subfield>
            <marc:subfield code="b">m</marc:subfield>
            <marc:subfield code="6">e</marc:subfield>
            <marc:subfield code="7">m</marc:subfield>
            <marc:subfield code="d">v</marc:subfield>
            <marc:subfield code="f">1</marc:subfield>
            <marc:subfield code="e">20091119</marc:subfield>
        </marc:datafield>
    </marc:record>
    <marc:record type="Holdings">
        <marc:leader>00172nx  a22000851  4500</marc:leader>
        <marc:controlfield tag="001">6051892</marc:controlfield>
        <marc:controlfield tag="004">5992073</marc:controlfield>
        <marc:controlfield tag="005">20091119102742.0</marc:controlfield>
        <marc:controlfield tag="008">0911194u    8   1001uu   0901128</marc:controlfield>
        <marc:datafield tag="852" ind1="8" ind2=" ">
            <marc:subfield code="b">map</marc:subfield>
            <marc:subfield code="h">HMC01.3019</marc:subfield>
        </marc:datafield>
    </marc:record>
    <marc:record type="Holdings">
        <marc:leader>00182nx  a22000854  4500</marc:leader>
        <marc:controlfield tag="001">7316739</marc:controlfield>
        <marc:controlfield tag="004">5992073</marc:controlfield>
        <marc:controlfield tag="005">20130513154534.0</marc:controlfield>
        <marc:controlfield tag="008">1305134u    8   1001uu   0901128</marc:controlfield>
        <marc:datafield tag="852" ind1="8" ind2=" ">
            <marc:subfield code="b">elf1</marc:subfield>
            <marc:subfield code="h">Electronic Resource</marc:subfield>
        </marc:datafield>
    </marc:record>
</marc:collection>
